<?xml version="1.0" encoding="UTF-8"?><collection xmlns="http://www.loc.gov/MARC21/slim"><record><leader>00494nam--2200181-i-4500</leader><controlfield tag="001">000007172</controlfield><controlfield tag="002">20161230</controlfield><controlfield tag="005">20161230201027</controlfield><controlfield tag="008">060222s1000------------r-----000-0-eng-d</controlfield><datafield ind1=" " ind2=" " tag="040"><subfield code="a">IFIN-HH</subfield></datafield><datafield ind1=" " ind2=" " tag="080"><subfield code="a">537.311.33:539.2:547</subfield></datafield><datafield ind1="1" ind2=" " tag="100"><subfield code="a">Okamoto, Y</subfield></datafield><datafield ind1="1" ind2="0" tag="245"><subfield code="a">Organic semiconductors</subfield><subfield code="c">Y. okamoto; walter brenner</subfield></datafield><datafield ind1=" " ind2=" " tag="260"><subfield code="a">New York</subfield><subfield code="b">Reinhold Publishing Corporation</subfield><subfield code="c">1964</subfield></datafield><datafield ind1=" " ind2=" " tag="300"><subfield code="a">184 P</subfield></datafield><datafield ind1="1" ind2=" " tag="700"><subfield code="a">Brenner, Walter</subfield></datafield><datafield ind1=" " ind2=" " tag="852"><subfield code="a">21306</subfield><subfield code="c">537.311.33</subfield></datafield><datafield ind1=" " ind2=" " tag="CAT"><subfield code="a">Sys</subfield><subfield code="c">20110719</subfield><subfield code="h">140555</subfield></datafield></record></collection>